@article{jugel2014m4,
  title={M4: a visualization-oriented time series data aggregation},
  author={Jugel, Uwe and Jerzak, Zbigniew and Hackenbroich, Gregor and Markl, Volker},
  journal={Proceedings of the VLDB Endowment},
  volume={7},
  number={10},
  pages={797--808},
  year={2014},
  publisher={VLDB Endowment}
}